<?xml version="1.0" encoding="UTF-8"?><record xmlns="http://www.loc.gov/MARC21/slim" xmlns:cinclude="http://apache.org/cocoon/include/1.0" xmlns:zs="http://www.loc.gov/zing/srw/">
  <leader>02673cz  a2200289n  4500</leader>
  <controlfield tag="001">n  87814135 </controlfield>
  <controlfield tag="003">DLC</controlfield>
  <controlfield tag="005">20130308092023.0</controlfield>
  <controlfield tag="008">870310n| azannaabn          |a aaa      </controlfield>
  <datafield tag="010" ind1=" " ind2=" ">
    <subfield code="a">n  87814135 </subfield>
  </datafield>
  <datafield tag="035" ind1=" " ind2=" ">
    <subfield code="a">(OCoLC)oca01805924</subfield>
  </datafield>
  <datafield tag="040" ind1=" " ind2=" ">
    <subfield code="a">DLC</subfield>
    <subfield code="b">eng</subfield>
    <subfield code="e">rda</subfield>
    <subfield code="c">DLC</subfield>
    <subfield code="d">DLC</subfield>
    <subfield code="d">OOC</subfield>
    <subfield code="d">PU-AML</subfield>
    <subfield code="d">PPi-MA</subfield>
    <subfield code="d">OOC</subfield>
    <subfield code="d">DLC</subfield>
  </datafield>
  <datafield tag="100" ind1="1" ind2=" ">
    <subfield code="a">Tallis, Thomas,</subfield>
    <subfield code="d">approximately 1505-1585.</subfield>
    <subfield code="t">Psalm tunes.</subfield>
    <subfield code="p">Why fum'th in fight</subfield>
  </datafield>
  <datafield tag="400" ind1="1" ind2=" ">
    <subfield code="a">Tallis, Thomas,</subfield>
    <subfield code="d">approximately 1505-1585.</subfield>
    <subfield code="t">Why fumeth in fight</subfield>
  </datafield>
  <datafield tag="400" ind1="1" ind2=" ">
    <subfield code="a">Tallis, Thomas,</subfield>
    <subfield code="d">approximately 1505-1585.</subfield>
    <subfield code="t">Why fumeth in sight</subfield>
  </datafield>
  <datafield tag="400" ind1="1" ind2=" ">
    <subfield code="a">Tallis, Thomas,</subfield>
    <subfield code="d">approximately 1505-1585.</subfield>
    <subfield code="t">Why fumith in sight ye gentills spight</subfield>
  </datafield>
  <datafield tag="400" ind1="1" ind2=" ">
    <subfield code="a">Tallis, Thomas,</subfield>
    <subfield code="d">approximately 1505-1585.</subfield>
    <subfield code="t">Why fum'th in sight the Gentiles spite</subfield>
  </datafield>
  <datafield tag="400" ind1="1" ind2=" ">
    <subfield code="w">nnea</subfield>
    <subfield code="a">Tallis, Thomas,</subfield>
    <subfield code="d">ca. 1505-1585.</subfield>
    <subfield code="t">Psalm tunes.</subfield>
    <subfield code="p">Why fum'th in fight</subfield>
  </datafield>
  <datafield tag="400" ind1="1" ind2=" ">
    <subfield code="w">nnea</subfield>
    <subfield code="a">Tallis, Thomas,</subfield>
    <subfield code="d">ca. 1505-1585.</subfield>
    <subfield code="t">Why fum'th in fight</subfield>
  </datafield>
  <datafield tag="667" ind1=" " ind2=" ">
    <subfield code="a">Why fum'th in fight, rather than sight, chosen for hdg., as Vaughan Williams apparently determined that "fight" was the proper reading of the title, a reasonable assumption given the difficulty of distinguishing between Elizabethan "f" and "s" in the original ms. This interpretation is also consistent with the text of Psalm 2:1: KJV: Why do the heathen rage, and the people imagine a vain thing?; NRSV: Why do the nations conspire, and the peoples plot in vain?</subfield>
  </datafield>
  <datafield tag="670" ind1=" " ind2=" ">
    <subfield code="a">Vaughan Williams, R. Fantasia on a theme by Thomas Tallis [SR] 1984?, p1981</subfield>
    <subfield code="b">(title not given)</subfield>
  </datafield>
  <datafield tag="670" ind1=" " ind2=" ">
    <subfield code="a">Kennedy, M. A cat. of the works of Ralph Vaughan Williams, 1982:</subfield>
    <subfield code="b">p. 59 (the theme is the 3rd (Why fumeth in fight) of nine Psalm tunes, 1567, printed in Archbishop Parker's Psalter)</subfield>
  </datafield>
  <datafield tag="670" ind1=" " ind2=" ">
    <subfield code="a">New Grove</subfield>
    <subfield code="b">(Why fum'th in sight)</subfield>
  </datafield>
  <datafield tag="670" ind1=" " ind2=" ">
    <subfield code="a">Tallis, T. English sacred music, c1971-c1974:</subfield>
    <subfield code="b">v. 2, Service music, contents (Tunes for Archbishop Parker's Psalter) p. 164 (c. The third tune; text incipit: Why fum'th in sight the Gentiles spite) index (Why fum'th in sight)</subfield>
  </datafield>
  <datafield tag="670" ind1=" " ind2=" ">
    <subfield code="a">Grove music online, Feb. 8, 2008</subfield>
    <subfield code="b">(9 psalm tunes, 4vv, for M. Parker, The whole psalter translated into English metre (London, 1567): Why fum'th in sight)</subfield>
  </datafield>
  <datafield tag="670" ind1=" " ind2=" ">
    <subfield code="a">British Museum. Dept. of Manuscripts. Catalogue of manuscript music in the British Museum, 1906-09:</subfield>
    <subfield code="b">v. 1, Sacred vocal music, p. 179-180 (Add. 15166; 51. "Why fumith in sight ye gentills spight"; one of 9 numbers by Tallis given at end of Archbishop Parker's Whole psalter)</subfield>
  </datafield>
  <datafield tag="670" ind1=" " ind2=" ">
    <subfield code="a">Wikipedia, Oct. 3, 2008</subfield>
    <subfield code="b">(under Fantasia on a theme by Thomas Tallis: Tallis's original words to the hymn: Why fum'th in fight the Gentiles spite, in fury raging stout?; Psalm 2:1-2, Archbishop Parker's Psalter (1567))</subfield>
  </datafield>
</record>